@article{doi:10.1063/1.1143294,
author = {Continetti,R. E.  and Cyr,D. R.  and Neumark,D. M. },
title = {Fast 8 kV metal–oxide semiconductor field‐effect transistor switch},
journal = {Review of Scientific Instruments},
volume = {63},
number = {2},
pages = {1840-1841},
year = {1992},
doi = {10.1063/1.1143294},

URL = {https://doi.org/10.1063/1.1143294},
eprint = {https://doi.org/10.1063/1.1143294}
}

@article{Using Parallel High Voltage Multipliers for 100kV Downhole Neutron Generator Power Supplies,
author = {Hanington, Gary},
year = {2014},
month = {01},
pages = {000006-000012},
title = {Using Parallel High Voltage Multipliers for 100kV Downhole Neutron Generator Power Supplies},
volume = {2014},
journal = {Additional Conferences (Device Packaging, HiTEC, HiTEN, & CICMT)},
doi = {10.4071/HITEC-TA12}
}

@manual{analog:LT3748,
	organisation = "Analog Devices",
	title = "100V Isolated Flyback Controller",
	number = "LT3748",
	year  = 2015,
	month = 02,
	note = "Rev. B"
	}
	